@InBook{daniels,
author = {M. A. Daniels},
title = {Principles of Configuration Management},
chapter = {2 and 3: Configuration Control + Configuration Identification},
publisher = {Advanced Applications Consultants, Inc.},
year = {1985},
pages = {19-69},
}
@Misc{moreira,
author = {Mario E. Moreira},
title = {The 3 Software Configuration Management Implementation Levels},
year = {1999},
}
@InBook{leon,
author = {Alexis Leon},
title = {A Guide to Software Configuration Management},
chapter = {11},
publisher = {Artech House, Inc.},
year = {2000},
pages = {151-172},
}
@Misc{bret,
author = {Tom Bret},
title = {Parallel Development Strategies for Software Configuration Management},
year = {2004},
howpublished = {\url{http://www.methodsandtools.com/archive/archive.php?id=12}},
}
@Book{berczuk,
author = {Stephen P. Berczuk and Brad Appleton},
title = {Software Configuration Management Patterns: Effective Teamwork, Practical Integration},
publisher = {Pearson Education, Inc.},
year = {2004},
edition = {$3^{rd}$},
month = {July},
}
@Article{bersoff,
author = {Edward H. Bersoff},
title = {Elements of Software Configuration Management},
journal = {IEEE Transactions of Software Engineering},
year = {1984},
volume = {SE-10},
number = {1},
pages = {79-87},
month = {January},
}








