@Book{chacon,
author = {Scott Chacon},
title = {Pro Git},
publisher = {Apress},
year = {2007},
edition = {$1^{st}$},
month = {August},
note = {The complete book can be found online at \url{http://git-scm.com/book}.},
}
@Book{collins-sussman,
author = {Ben Collins-Sussman and Brian W. Fitzpatrick and C. Michael Pilato},
title = {Version Control with Subversion: Next Generation Open Source Version Control},
publisher = {O'Reilly Media},
year = {2004},
month = {June},
note = {The complete book can be found online at \url{http://svnbook.red-bean.com/}.},
}
@MastersThesis{kokkonen,
author = {Antti Kokkonen},
title = {Evaluating the Software Configuration Management Process},
school = {University of Tampere},
year = {2003},
month = {June},
}

